@misc{bib:adventures,
	title = {{Interactive fiction}},
	howpublished = {\url{https://en.wikipedia.org/wiki/Interactive_fiction}},
	note = {Accessed: 2018-01-13}
}

@misc{bib:ExpressSeq,
	title = {{Usage with Express.JS - Sequelize}},
	howpublished = {\url{https://sequelize.readthedocs.io/en/1.7.0/articles/express/}},
	note = {Accessed: 2017-12-02},
	author={Sascha Depold et al.}
}

@article{bib:crawford2017comparison,
	title={A Comparison of Server Side Scripting Technologies},
	author={Crawford, Tyler and Hussain, Tauqeer},
	booktitle ={Int'l Conf. on Software Engineering Research and Practice},
	year={2017},
	pages={69-76}
}

@misc{bib:curlwget,
	title = {{curl vs Wget}},
	howpublished = {\url{https://daniel.haxx.se/docs/curl-vs-wget.html}},
	note = {Accessed: 2017-12-02}
}

@misc{bib:socketio,
	title = {{Socket.io dokument√°cia}},
	howpublished = {\url{https://socket.io/docs/}},
	note = {Accessed: 2017-12-02}
}

@article{bib:fette2011websocket,
	title={{The WebSocket Protocol}},
	author={Fette, Ian and Melnikov, Alexey},
	number={RFC 6455},
	howpublished={\url{https://tools.ietf.org/html/rfc6455}},
	year={2011}
}